<?xml version="1.0"?>
<marc:collection xmlns:marc="http://www.loc.gov/MARC21/slim" xmlns:xsi="http://www.w3.org/2001/XMLSchema-instance" xsi:schemaLocation="http://www.loc.gov/MARC21/slim http://www.loc.gov/standards/marcxml/schema/MARC21slim.xsd">
   <marc:record type="Bibliographic">
      <marc:leader>01515cam a2200361Ii 4500</marc:leader>
      <marc:controlfield tag="001">2768306</marc:controlfield>
      <marc:controlfield tag="003">NjP</marc:controlfield>
      <marc:controlfield tag="005">20140528133802.0</marc:controlfield>
      <marc:controlfield tag="008">940422s1968    iq       b    001 0 arard</marc:controlfield>
      <marc:datafield tag="024" ind1="7" ind2=" ">
         <marc:subfield code="a">princeton_aco000086</marc:subfield>
         <marc:subfield code="2">local</marc:subfield>
      </marc:datafield>
      <marc:datafield tag="035" ind1=" " ind2=" ">
         <marc:subfield code="a">(OCoLC)ocn880636680</marc:subfield>
      </marc:datafield>
      <marc:datafield tag="035" ind1=" " ind2=" ">
         <marc:subfield code="a">(OCoLC)ocm30314915</marc:subfield>
      </marc:datafield>
      <marc:datafield tag="035" ind1=" " ind2=" ">
         <marc:subfield code="9">CNG4590TS</marc:subfield>
      </marc:datafield>
      <marc:datafield tag="040" ind1=" " ind2=" ">
         <marc:subfield code="a">CUY</marc:subfield>
         <marc:subfield code="e">rda</marc:subfield>
         <marc:subfield code="b">eng</marc:subfield>
         <marc:subfield code="c">PUL</marc:subfield>
         <marc:subfield code="d">OSU</marc:subfield>
         <marc:subfield code="d">OCLCG</marc:subfield>
         <marc:subfield code="d">OCLCA</marc:subfield>
         <marc:subfield code="d">OCLCQ</marc:subfield>
         <marc:subfield code="d">OCLCF</marc:subfield>
         <marc:subfield code="d">OCLCO</marc:subfield>
         <marc:subfield code="d">PUL</marc:subfield>
      </marc:datafield>
      <marc:datafield tag="066" ind1=" " ind2=" ">
         <marc:subfield code="c">(3</marc:subfield>
      </marc:datafield>
      <marc:datafield tag="035" ind1=" " ind2=" ">
         <marc:subfield code="a">(OCoLC)880636680</marc:subfield>
      </marc:datafield>
      <marc:datafield tag="050" ind1=" " ind2="4">
         <marc:subfield code="a">PJ6172</marc:subfield>
         <marc:subfield code="b">.A8 1968a</marc:subfield>
      </marc:datafield>
      <marc:datafield tag="079" ind1=" " ind2=" ">
         <marc:subfield code="a">ocm30314915</marc:subfield>
      </marc:datafield>
      <marc:datafield tag="049" ind1=" " ind2=" ">
         <marc:subfield code="a">PULL</marc:subfield>
      </marc:datafield>
      <marc:datafield tag="100" ind1="1" ind2=" ">
         <marc:subfield code="6">880-01</marc:subfield>
         <marc:subfield code="a">As&#x323;ma&#x2BB;i&#x304;, &#x2BB;Abd al-Malik ibn Qurayb,</marc:subfield>
         <marc:subfield code="d">740-approximately 828.</marc:subfield>
      </marc:datafield>
      <marc:datafield tag="245" ind1="1" ind2="3">
         <marc:subfield code="6">880-02</marc:subfield>
         <marc:subfield code="a">al-Ishtiqa&#x304;q /</marc:subfield>
         <marc:subfield code="c">li-Abi&#x304; Sa&#x2BB;i&#x304;d &#x2BB;Abd al-Malik ibn Qurayb al-As&#x323;ma&#x2BB;i&#x304; ; tah&#x323;qi&#x304;q wa-sharh&#x323; Sali&#x304;m al-Nu&#x2BB;aymi&#x304;.</marc:subfield>
      </marc:datafield>
      <marc:datafield tag="264" ind1=" " ind2="1">
         <marc:subfield code="6">880-03</marc:subfield>
         <marc:subfield code="a">Baghda&#x304;d :</marc:subfield>
         <marc:subfield code="b">Mat&#x323;ba&#x2BB;at As&#x2BB;ad,</marc:subfield>
         <marc:subfield code="c">1968.</marc:subfield>
      </marc:datafield>
      <marc:datafield tag="300" ind1=" " ind2=" ">
         <marc:subfield code="a">216 pages ;</marc:subfield>
         <marc:subfield code="c">24 cm</marc:subfield>
      </marc:datafield>
      <marc:datafield tag="336" ind1=" " ind2=" ">
         <marc:subfield code="a">text</marc:subfield>
         <marc:subfield code="b">txt</marc:subfield>
         <marc:subfield code="2">rdacontent</marc:subfield>
      </marc:datafield>
      <marc:datafield tag="337" ind1=" " ind2=" ">
         <marc:subfield code="a">unmediated</marc:subfield>
         <marc:subfield code="b">n</marc:subfield>
         <marc:subfield code="2">rdamedia</marc:subfield>
      </marc:datafield>
      <marc:datafield tag="338" ind1=" " ind2=" ">
         <marc:subfield code="a">volume</marc:subfield>
         <marc:subfield code="b">nc</marc:subfield>
         <marc:subfield code="2">rdacarrier</marc:subfield>
      </marc:datafield>
      <marc:datafield tag="504" ind1=" " ind2=" ">
         <marc:subfield code="a">Includes bibliographical references (pages 211-216) and indexes.</marc:subfield>
      </marc:datafield>
      <marc:datafield tag="650" ind1=" " ind2="0">
         <marc:subfield code="a">Arabic language</marc:subfield>
         <marc:subfield code="x">Etymology.</marc:subfield>
      </marc:datafield>
      <marc:datafield tag="700" ind1="1" ind2=" ">
         <marc:subfield code="6">880-04</marc:subfield>
         <marc:subfield code="a">Nu&#x2BB;aymi&#x304;, Sali&#x304;m,</marc:subfield>
         <marc:subfield code="e">editor.</marc:subfield>
      </marc:datafield>
      <marc:datafield tag="880" ind1="1" ind2=" ">
         <marc:subfield code="6">100-01/(3/r</marc:subfield>
         <marc:subfield code="a">&#x627;&#x635;&#x645;&#x639;&#x64A;&#x60C; &#x639;&#x628;&#x62F; &#x627;&#x644;&#x645;&#x644;&#x643; &#x628;&#x646; &#x642;&#x631;&#x64A;&#x628;&#x60C;,</marc:subfield>
         <marc:subfield code="d">740-approximately 828.</marc:subfield>
      </marc:datafield>
      <marc:datafield tag="880" ind1="1" ind2="2">
         <marc:subfield code="6">245-02/(3/r</marc:subfield>
         <marc:subfield code="a">&#x627;&#x644;&#x627;&#x634;&#x62A;&#x642;&#x627;&#x642; /</marc:subfield>
         <marc:subfield code="c">&#x644;&#x627;&#x628;&#x64A; &#x633;&#x639;&#x64A;&#x62F; &#x639;&#x628;&#x62F; &#x627;&#x644;&#x645;&#x644;&#x643; &#x628;&#x646; &#x642;&#x631;&#x64A;&#x628; &#x627;&#x644;&#x627;&#x635;&#x645;&#x639;&#x64A; &#x61B; &#x62A;&#x62D;&#x642;&#x64A;&#x642; &#x648;&#x634;&#x631;&#x62D; &#x633;&#x644;&#x64A;&#x645; &#x627;&#x644;&#x646;&#x639;&#x64A;&#x645;&#x64A;.</marc:subfield>
      </marc:datafield>
      <marc:datafield tag="880" ind1=" " ind2="1">
         <marc:subfield code="6">264-03/(3/r</marc:subfield>
         <marc:subfield code="a">&#x628;&#x63A;&#x62F;&#x627;&#x62F; :</marc:subfield>
         <marc:subfield code="b">&#x645;&#x637;&#x628;&#x639;&#x629; &#x627;&#x633;&#x639;&#x62F;&#x60C;</marc:subfield>
         <marc:subfield code="c">1968.</marc:subfield>
      </marc:datafield>
      <marc:datafield tag="880" ind1="1" ind2=" ">
         <marc:subfield code="6">700-04/(3/r</marc:subfield>
         <marc:subfield code="a">&#x646;&#x639;&#x64A;&#x645;&#x64A;&#x60C; &#x633;&#x644;&#x64A;&#x645;&#x60C;</marc:subfield>
         <marc:subfield code="e">editor.</marc:subfield>
      </marc:datafield>
      <marc:datafield tag="994" ind1=" " ind2=" ">
         <marc:subfield code="a">C0</marc:subfield>
         <marc:subfield code="b">PUL</marc:subfield>
      </marc:datafield>
      <marc:datafield tag="999" ind1=" " ind2=" ">
         <marc:subfield code="a">2768306</marc:subfield>
      </marc:datafield>
   </marc:record>
</marc:collection>
